
@INPROCEEDINGS{meier2015px4, 
  author={Meier, L. and Honegger, D. and Pollefeys, M.}, 
  booktitle={Robotics and Automation (ICRA), 2015 IEEE International Conference on}, 
  title={{{PX4}}: A Node-Based Multithreaded Open Source Robotics Framework for Deeply Embedded Platforms}, 
  year={2015}, 
  month={Mai}, 
  volume={}, 
  number={},}


@online{pixhawk_overview,
  author={Meier, L. and Honegger, D. and Pollefeys, M.}, 
	title = {Pixhawk Autopilot},
	year = {2015},
	url = {https://pixhawk.org/modules/pixhawk},
	urldate = {2015-10-27},
}




@online{posix_pic,
  author = {Rowebots},
	title = {POSIX and Linux Compatible },
	year = {2015},
  url = {http://www.rowebots.com/img/Unison_POSIX_RTOS_Model.jpg},
	urldate = {2015-10-27},
}

